@article{ref1,
author = "J.P. Bell and S. Gerhold",
title = "On the positivity set of a linear recurrence.",
journal = "Israel Jour. Math",
number = "57",
year = "2007"
}

@book{ref2,
author = "N. Bourbaki",
title = "Elements of Mathematics: General Topology (Part 2).",
publisher = "Addison-Wesley",
year = "1966"
}

@conference{ref3,
author = "M. Mignotte",
title = "Some useful bounds",
booktitle = "Computer Algebra",
year = "1982"
}

@article{ref4,
author = "James Renegar",
title = "On the computational complexity and geometry of the first-order theory of the reals, part i: Introduction. preliminaries. the geometry of semi-algebraic sets. the decision problem for the existential theory of the reals",
journal = "J. Symb. Comput.",
volume = "13",
pages = "255-300",
year = "1992"
}
